<record><leader>00000cas a22000007a 4500</leader><controlfield tag="001">12274319</controlfield><controlfield tag="008">850717d18781882pauwr ne      0    0eng d</controlfield><controlfield tag="009">384</controlfield><datafield ind1=" " ind2=" " tag="010"><subfield code="a">sn 86063585 </subfield></datafield><datafield ind1=" " ind2=" " tag="040"><subfield code="a">PLF</subfield><subfield code="b">eng</subfield><subfield code="c">PLF</subfield><subfield code="d">NPT</subfield><subfield code="d">DLC</subfield><subfield code="d">MFN</subfield><subfield code="d">MGN</subfield><subfield code="d">OCLCQ</subfield></datafield><datafield ind1=" " ind2=" " tag="042"><subfield code="a">msc</subfield></datafield><datafield ind1="0" ind2="0" tag="050"><subfield code="a">Newspaper 9375-X</subfield></datafield><datafield ind1="0" ind2=" " tag="130"><subfield code="a">Press (Philadelphia, Pa. : Weekly)</subfield></datafield><datafield ind1="0" ind2="4" tag="245"><subfield code="a">The press.</subfield></datafield><datafield ind1="0" ind2="7" tag="246"><subfield code="a">Weekly press</subfield><subfield code="f">Jan. 5, 1878-July 3, 1880</subfield></datafield><datafield ind1="0" ind2="7" tag="246"><subfield code="a">Philadelphia weekly press</subfield><subfield code="f">July 8, 1880-Dec. 14, 1882</subfield></datafield><datafield ind1="1" ind2="0" tag="246"><subfield code="a">Weekly press</subfield><subfield code="f">Dec. 13, 1879-July 3, 1880</subfield></datafield><datafield ind1="1" ind2="0" tag="246"><subfield code="a">Philadelphia press</subfield><subfield code="f">July 8-15, 1880, Nov. 10, 1881-Jan. 19, 1882</subfield></datafield><datafield ind1="1" ind2="0" tag="246"><subfield code="a">Philadelphia weekly press</subfield><subfield code="f">July 22, 1880-Nov. 3, 1881; Jan. 26, 1882-Dec. 14, 1882</subfield></datafield><datafield ind1=" " ind2=" " tag="250"><subfield code="a">Weekly ed.</subfield></datafield><datafield ind1=" " ind2=" " tag="260"><subfield code="a">Philadelphia, Pa. :</subfield><subfield code="b">Press Co.,</subfield><subfield code="c">1878-1882.</subfield></datafield><datafield ind1=" " ind2=" " tag="300"><subfield code="a">6 v. ;</subfield><subfield code="c">58 cm.</subfield></datafield><datafield ind1=" " ind2=" " tag="310"><subfield code="a">Weekly</subfield></datafield><datafield ind1="0" ind2=" " tag="362"><subfield code="a">Vol. 21, no. 11 (Jan. 5, 1878)-v. 26 (Dec. 14, 1882).</subfield></datafield><datafield ind1=" " ind2=" " tag="500"><subfield code="a">The following words appear above the masthead ornament: Weekly, Dec. 13, 1879-July 3, 1880; Philadelphia, July 8-15, 1880, Nov. 10, 1831-Jan. 19, 1882; Philadelphia weekly, July 22, 1880-Nov. 3, 1881, Jan. 26, 1882-Dec. 14, 1882.</subfield></datafield><datafield ind1=" " ind2=" " tag="515"><subfield code="a">Issues for July 8, 1880-Dec. 14, 1882 have whole volume numbering only.</subfield></datafield><datafield ind1=" " ind2=" " tag="580"><subfield code="a">Issued also in a daily edition called: Press (Philadelphia, Pa : 1857 : Daily), 1878-1880; Philadelphia press (Philadelphia, Pa. : 1880), 1880-1882; and a tri-weekly edition, July 8, 1880-Dec. 14, 1882.</subfield></datafield><datafield ind1=" " ind2=" " tag="752"><subfield code="a">United States</subfield><subfield code="b">Pennsylvania</subfield><subfield code="c">Philadelphia</subfield><subfield code="d">Philadelphia.</subfield></datafield><datafield ind1="1" ind2=" " tag="775"><subfield code="t">Press (Philadelphia, Pa. : 1857 : Daily)</subfield><subfield code="w">(DLC)sn 84026296</subfield></datafield><datafield ind1="1" ind2=" " tag="775"><subfield code="t">Philadelphia press (Philadelphia, Pa. : 1880)</subfield><subfield code="w">(DLC)sn 83025931</subfield></datafield><datafield ind1="0" ind2="0" tag="780"><subfield code="t">Weekly press (Philadelphia, Pa. : 1877)</subfield><subfield code="w">(DLC)sn 85055008</subfield><subfield code="w">(OCoLC)12274288</subfield></datafield><datafield ind1="0" ind2="0" tag="785"><subfield code="t">Weekly press (Philadelphia, Pa. : 1883)</subfield><subfield code="w">(DLC)sn 92057033</subfield><subfield code="w">(OCoLC)12274348</subfield></datafield></record>